<record><leader>00000cas a22000007a 4500</leader><controlfield tag="001">21224690</controlfield><controlfield tag="008">900316d18891902gaudr ne      0    0eng d</controlfield><datafield ind1=" " ind2=" " tag="010"><subfield code="a">sn 89053947 </subfield></datafield><datafield ind1=" " ind2=" " tag="040"><subfield code="a">NLG</subfield><subfield code="b">eng</subfield><subfield code="c">NLG</subfield><subfield code="d">GUA</subfield><subfield code="d">OCLCQ</subfield><subfield code="d">OCLCF</subfield><subfield code="d">OCLCO</subfield></datafield><datafield ind1="1" ind2=" " tag="029"><subfield code="a">AU@</subfield><subfield code="b">000025488048</subfield></datafield><datafield ind1=" " ind2=" " tag="042"><subfield code="a">msc</subfield></datafield><datafield ind1=" " ind2=" " tag="043"><subfield code="a">n-us-ga</subfield></datafield><datafield ind1="0" ind2=" " tag="130"><subfield code="a">Athens daily banner (Athens, Ga. : 1889)</subfield></datafield><datafield ind1="1" ind2="0" tag="245"><subfield code="a">Athens daily banner.</subfield></datafield><datafield ind1="1" ind2=" " tag="246"><subfield code="i">Sunday issues occasionally published with title:</subfield><subfield code="a">Athens Sunday banner</subfield></datafield><datafield ind1=" " ind2=" " tag="260"><subfield code="a">Athens, Ga. :</subfield><subfield code="b">T.L. Gantt,</subfield><subfield code="c">[1889-1902]</subfield></datafield><datafield ind1=" " ind2=" " tag="300"><subfield code="a">v.</subfield></datafield><datafield ind1=" " ind2=" " tag="310"><subfield code="a">Daily</subfield></datafield><datafield ind1="1" ind2=" " tag="362"><subfield code="a">Began in 1889.</subfield></datafield><datafield ind1="0" ind2=" " tag="362"><subfield code="a">-Dec. 6, 1902.</subfield></datafield><datafield ind1=" " ind2=" " tag="588"><subfield code="a">Description based on: Aug. 3, 1889.</subfield></datafield><datafield ind1=" " ind2="0" tag="651"><subfield code="a">Athens (Ga.)</subfield><subfield code="v">Newspapers.</subfield></datafield><datafield ind1=" " ind2="7" tag="655"><subfield code="a">Newspapers.</subfield><subfield code="2">fast</subfield><subfield code="0">(OCoLC)fst01423814</subfield></datafield><datafield ind1=" " ind2="7" tag="651"><subfield code="a">Georgia</subfield><subfield code="z">Athens.</subfield><subfield code="2">fast</subfield><subfield code="0">(OCoLC)fst01208258</subfield></datafield><datafield ind1=" " ind2=" " tag="752"><subfield code="a">United States</subfield><subfield code="b">Georgia</subfield><subfield code="c">Clarke</subfield><subfield code="d">Athens.</subfield></datafield><datafield ind1="0" ind2=" " tag="775"><subfield code="t">Athens weekly banner (Athens, Ga. : 1889)</subfield><subfield code="w">(DLC)sn 88054117</subfield><subfield code="w">(OCoLC)21237552</subfield></datafield><datafield ind1="0" ind2=" " tag="775"><subfield code="t">Weekly banner (Athens, Ga. : 1891)</subfield><subfield code="w">(DLC)sn 88054112</subfield><subfield code="w">(OCoLC)21225094</subfield></datafield><datafield ind1="0" ind2="0" tag="780"><subfield code="t">Banner-watchman (Athens, Ga. : 1887)</subfield><subfield code="w">(DLC)sn 88054102</subfield><subfield code="w">(OCoLC)20266514</subfield></datafield><datafield ind1="0" ind2="5" tag="780"><subfield code="t">Athens banner and chronicle</subfield><subfield code="w">(DLC)sn 91074123</subfield><subfield code="w">(OCoLC)25297876</subfield></datafield><datafield ind1="0" ind2="0" tag="785"><subfield code="t">Athens banner (Athens, Ga. : 1902)</subfield><subfield code="w">(DLC)sn 88054098</subfield><subfield code="w">(OCoLC)20266548</subfield></datafield></record>